@article{guo2024respiratory,
  title={Respiratory syncytial virus seasonality, transmission zones, and implications for seasonal prevention strategy in China: a systematic analysis},
  author={Guo, Ling and Deng, Shuyu and Sun, Shiqi and Wang, Xin and Li, You},
  journal={The Lancet Global Health},
  volume={12},
  number={6},
  pages={e1005--e1016},
  year={2024},
  publisher={Elsevier}
}

@article{madaniyazi2022assessing,
  title={Assessing seasonality and the role of its potential drivers in environmental epidemiology: a tutorial},
  author={Madaniyazi, Lina and Tobias, Aurelio and Kim, Yoonhee and Chung, Yeonseung and Armstrong, Ben and Hashizume, Masahiro},
  journal={International journal of epidemiology},
  volume={51},
  number={5},
  pages={1677--1686},
  year={2022},
  publisher={Oxford University Press}
}